<record><leader>00000cas a22000007a 4500</leader><controlfield tag="001">10223724</controlfield><controlfield tag="008">831215d18651946pauwr ne      0    0eng d</controlfield><datafield ind1=" " ind2=" " tag="010"><subfield code="a">sn 83032236 </subfield></datafield><datafield ind1=" " ind2=" " tag="040"><subfield code="a">NPU</subfield><subfield code="b">eng</subfield><subfield code="c">NPU</subfield><subfield code="d">NPH</subfield><subfield code="d">NPX</subfield><subfield code="d">NPH</subfield><subfield code="d">OCLCQ</subfield><subfield code="d">UPM</subfield><subfield code="d">OCLCQ</subfield><subfield code="d">OCLCF</subfield><subfield code="d">OCLCO</subfield></datafield><datafield ind1="1" ind2=" " tag="029"><subfield code="a">AU@</subfield><subfield code="b">000023600919</subfield></datafield><datafield ind1=" " ind2=" " tag="042"><subfield code="a">msc</subfield></datafield><datafield ind1=" " ind2=" " tag="043"><subfield code="a">n-us-pa</subfield></datafield><datafield ind1="0" ind2=" " tag="130"><subfield code="a">Lewisburg journal (Lewisburg, Pa. : 1865)</subfield></datafield><datafield ind1="1" ind2="0" tag="245"><subfield code="a">Lewisburg journal.</subfield></datafield><datafield ind1=" " ind2=" " tag="260"><subfield code="a">Lewisburg, Pa. :</subfield><subfield code="b">J. Ely Eichholtz,</subfield><subfield code="c">-1946.</subfield></datafield><datafield ind1=" " ind2=" " tag="300"><subfield code="a">v. :</subfield><subfield code="b">ill. ;</subfield><subfield code="c">61 cm.</subfield></datafield><datafield ind1=" " ind2=" " tag="310"><subfield code="a">Weekly</subfield></datafield><datafield ind1="1" ind2=" " tag="362"><subfield code="a">Began with July 19, 1865 issue.</subfield><subfield code="z">Cf. Union County's heritage.</subfield></datafield><datafield ind1="0" ind2=" " tag="362"><subfield code="a">-v. 80, no. 44 (Aug. 29, 1946).</subfield></datafield><datafield ind1=" " ind2=" " tag="500"><subfield code="a">Publisher: F.O. Whitman, &lt;1873&gt;; &lt;1876&gt;.</subfield></datafield><datafield ind1=" " ind2=" " tag="500"><subfield code="a">"Democratic," &lt;1876&gt;.</subfield></datafield><datafield ind1=" " ind2=" " tag="500"><subfield code="a">Editor: F.O. Whitman, &lt;1876&gt;.</subfield></datafield><datafield ind1=" " ind2=" " tag="588"><subfield code="a">Description based on: Vol. 1, no. 3 (Aug. 2, 1865).</subfield></datafield><datafield ind1=" " ind2="0" tag="651"><subfield code="a">Lewisburg (Pa.)</subfield><subfield code="v">Newspapers.</subfield></datafield><datafield ind1=" " ind2="7" tag="655"><subfield code="a">Newspapers.</subfield><subfield code="2">fast</subfield><subfield code="0">(OCoLC)fst01423814</subfield></datafield><datafield ind1=" " ind2="7" tag="651"><subfield code="a">Pennsylvania</subfield><subfield code="z">Lewisburg.</subfield><subfield code="2">fast</subfield><subfield code="0">(OCoLC)fst01211084</subfield></datafield><datafield ind1=" " ind2=" " tag="752"><subfield code="a">United States</subfield><subfield code="b">Pennsylvania</subfield><subfield code="c">Union</subfield><subfield code="d">Lewisburg.</subfield></datafield><datafield ind1="0" ind2="0" tag="780"><subfield code="t">Lewisburg Argus</subfield><subfield code="w">(DLC)sn 85055133</subfield></datafield><datafield ind1="0" ind2="7" tag="785"><subfield code="t">Lewisburgh Saturday news</subfield><subfield code="w">(DLC)sn 85055127</subfield></datafield><datafield ind1="0" ind2="7" tag="785"><subfield code="t">Lewisburg journal and the Lewisburg Saturday news</subfield><subfield code="w">(DLC)   87078379</subfield></datafield></record>